@book{DBLP:books/daglib/0020056,
    author    = {Maurice Herlihy and Nir Shavit},
    title     = {The Art of Multiprocessor Programming},
    publisher = {Morgan Kaufmann},
    year      = {2012},
    isbn      = {978-0-12-370591-4},
    timestamp = {Thu, 10 Feb 2011 14:09:19 +0100},
    biburl    = {https://dblp.org/rec/bib/books/daglib/0020056},
    bibsource = {dblp computer science bibliography, https://dblp.org}
}